@misc{jpeg,
    title = {How JPEG works},
    url = {https://cgjennings.ca/articles/jpeg-compression/},
    author = {Christopher G. Jennings},
    year = {2017}
}
@misc{ronneberger2015unet,
      title={U-Net: Convolutional Networks for Biomedical Image Segmentation},
      author={Olaf Ronneberger and Philipp Fischer and Thomas Brox},
      year={2015},
      eprint={1505.04597},
      archivePrefix={arXiv},
      primaryClass={cs.CV}
}
@misc{antholzer2018deep,
      title={Deep Learning for Photoacoustic Tomography from Sparse Data},
      author={Stephan Antholzer and Markus Haltmeier and Johannes Schwab},
      year={2018},
      eprint={1704.04587},
      archivePrefix={arXiv},
      primaryClass={cs.CV}
}
@misc{he2015deep,
      title={Deep Residual Learning for Image Recognition},
      author={Kaiming He and Xiangyu Zhang and Shaoqing Ren and Jian Sun},
      year={2015},
      eprint={1512.03385},
      archivePrefix={arXiv},
      primaryClass={cs.CV}
}